<?xml version="1.0" encoding="utf-8"?>
<record xmlns="http://www.loc.gov/MARC21/slim" xmlns:xsi="http://www.w3.org/2001/XMLSchema-instance" xsi:schemaLocation="http://www.loc.gov/MARC21/slim http://www.loc.gov/standards/marcxml/schema/MARC21slim.xsd">
	<leader>     nam a22        4500</leader>
	<controlfield tag="001">001680281</controlfield>
	<controlfield tag="003">NNU</controlfield>
	<controlfield tag="006">m        d        </controlfield>
	<controlfield tag="007">cr cn |||m|||a</controlfield>
	<controlfield tag="008">150505q19281930ae      ob    000 0 ara d</controlfield>
	<datafield ind1=" " ind2=" " tag="040">
		<subfield code="a">NNU</subfield>
		<subfield code="b">eng</subfield>
		<subfield code="e">rda</subfield>
		<subfield code="c">NNU</subfield>
	</datafield>
	<datafield ind1=" " ind2="4" tag="050">
		<subfield code="a">PJ7700.K8</subfield>
		<subfield code="b">.Z771</subfield>
	</datafield>
	<datafield ind1="1" ind2=" " tag="100">
		<subfield code="a">Pérès, Henri.</subfield>
	</datafield>
	<datafield ind1="1" ind2="0" tag="245">
		<subfield code="6">880-01</subfield>
		<subfield code="a">Sharḥ Dīwān Kuthayyir ibn ʻAbd al-Raḥmān al-Khuzāʻī al-mashhūr bi-Kuthayyir ʻAzzah.</subfield>
		<subfield code="c">Qad iʻtaná bi-jamʻihi wa-nashrihi Hanrī Pīris.</subfield>
	</datafield>
	<datafield ind1=" " ind2=" " tag="260">
		<subfield code="6">880-02</subfield>
		<subfield code="a">[Al-Jazāʼir],</subfield>
		<subfield code="b">[Maṭbaʻat Jūl Karbūnil],</subfield>
		<subfield code="c">[1928-1930]</subfield>
	</datafield>
	<datafield ind1=" " ind2=" " tag="300">
		<subfield code="a">online resource (volumes)</subfield>
	</datafield>
	<datafield ind1=" " ind2=" " tag="336">
		<subfield code="a">text</subfield>
		<subfield code="2">rdacontent</subfield>
	</datafield>
	<datafield ind1=" " ind2=" " tag="337">
		<subfield code="a">computer</subfield>
		<subfield code="2">rdamedia</subfield>
	</datafield>
	<datafield ind1=" " ind2=" " tag="338">
		<subfield code="a">online resource</subfield>
		<subfield code="2">rdacarrier</subfield>
	</datafield>
	<datafield ind1="1" ind2=" " tag="490">
		<subfield code="6">880-03</subfield>
		<subfield code="a">Fuḥūl al-ʻArab fī ʻilm al-adab</subfield>
	</datafield>
	<datafield ind1="1" ind2=" " tag="490">
		<subfield code="6">880-04</subfield>
		<subfield code="a">Khazānat al-Kutub al-ʻArabīyah</subfield>
	</datafield>
	<datafield ind1=" " ind2=" " tag="500">
		<subfield code="a">Added t.p.: Dîwān [par] Koṭayyir-ʻAzza; accompagné d'un commentaire arabe.</subfield>
	</datafield>
	<datafield ind1=" " ind2=" " tag="500">
		<subfield code="a">A compilation of commentaries on individual verses of Kuthayyir's poems written by various authors.</subfield>
	</datafield>
	<datafield ind1=" " ind2=" " tag="500">
		<subfield code="a">Vol. 2 has introd. in French.</subfield>
	</datafield>
	<datafield ind1=" " ind2=" " tag="500">
		<subfield code="a">Part of the Arabic Collections Online (ACO) project, contributed by New York Univeristy Libraries.</subfield>
	</datafield>
	<datafield ind1=" " ind2=" " tag="504">
		<subfield code="a">Includes bibliographical references.</subfield>
	</datafield>
	<datafield ind1=" " ind2=" " tag="533">
		<subfield code="a">Electronic reproduction.</subfield>
		<subfield code="b">New York, N.Y. :</subfield>
		<subfield code="c">New York University,</subfield>
		<subfield code="d">2015.</subfield>
		<subfield code="5">NNU</subfield>
	</datafield>
	<datafield ind1="0" ind2="0" tag="600">
		<subfield code="6">880-05</subfield>
		<subfield code="a">Kuthayyir ʻAzzah ibn ʻAbd al-Raḥmān,</subfield>
		<subfield code="d">-723.</subfield>
		<subfield code="t">Dīwān.</subfield>
	</datafield>
	<datafield ind1="1" ind2="2" tag="700">
		<subfield code="6">880-06</subfield>
		<subfield code="a">Kuthayyir ʻAzzah,</subfield>
		<subfield code="d">643 or 644-723 or 724.</subfield>
		<subfield code="t">Dīwān.</subfield>
	</datafield>
	<datafield ind1="2" ind2=" " tag="710">
		<subfield code="a">New York University.</subfield>
		<subfield code="b">Libraries.</subfield>
	</datafield>
	<datafield ind1="0" ind2=" " tag="730">
		<subfield code="a">Arabic Collections Online.</subfield>
	</datafield>
	<datafield ind1="0" ind2="8" tag="776">
		<subfield code="i">Online version:</subfield>
		<subfield code="a">Pérès, Henri.</subfield>
		<subfield code="t">Sharḥ Dīwān Kuthayyir ibn ʻAbd al-Raḥmān al-Khuzāʻī al-mashhūr bi-Kuthayyir ʻAzzah.</subfield>
		<subfield code="d">[Al-Jazāʹir, Maṭbaʻat Jūl Karbūnil, 1928-30</subfield>
		<subfield code="w">(OCoLC)624051920</subfield>
	</datafield>
	<datafield ind1="0" ind2="8" tag="776">
		<subfield code="i">Print version:</subfield>
		<subfield code="a">Pérès, Henri.</subfield>
		<subfield code="t">Sharḥ Dīwān Kuthayyir ibn ʻAbd al-Raḥmān al-Khuzāʻī al-mashhūr bi-Kuthayyir ʻAzzah</subfield>
		<subfield code="w">(NNU)001680281</subfield>
		<subfield code="w">(DLC)   73206585</subfield>
	</datafield>
	<datafield ind1="4" ind2="0" tag="856">
		<subfield code="u">http://hdl.handle.net/2333.1/8gtht9g5</subfield>
	</datafield>
	<datafield ind1="1" ind2="0" tag="880">
		<subfield code="6">245-01/</subfield>
		<subfield code="a">شرح ديوان كثير بن عبد الرحمن الخزاعي المشهور بكثير عزة.</subfield>
		<subfield code="c">قد اعتنى بجمعه ونشره هنري پيرس.</subfield>
	</datafield>
	<datafield ind1=" " ind2=" " tag="880">
		<subfield code="6">260-02/</subfield>
		<subfield code="a">[الجزائر]،</subfield>
		<subfield code="b">[مطبعة جول كربونل]،</subfield>
		<subfield code="c">[1928-1930]</subfield>
	</datafield>
	<datafield ind1="1" ind2=" " tag="880">
		<subfield code="6">490-03/</subfield>
		<subfield code="a">فحول العرب في علم الأدب</subfield>
	</datafield>
	<datafield ind1="1" ind2=" " tag="880">
		<subfield code="6">490-04/</subfield>
		<subfield code="a">خزانة الكتب العربية</subfield>
	</datafield>
	<datafield ind1="0" ind2="4" tag="880">
		<subfield code="6">600-05/</subfield>
		<subfield code="a">كثير عزة بن عبد الرحمن،</subfield>
		<subfield code="d">-723.</subfield>
		<subfield code="t">ديوان.</subfield>
	</datafield>
	<datafield ind1="1" ind2="2" tag="880">
		<subfield code="6">700-06/</subfield>
		<subfield code="a">كثير عزة،</subfield>
		<subfield code="d">643 or 644-723 or 724.</subfield>
		<subfield code="t">ديوان.</subfield>
	</datafield>
	<datafield ind1=" " ind2="0" tag="830">
		<subfield code="a">Maktabah al-ʻArabīyah (Cairo, Egypt)</subfield>
	</datafield>
	<datafield ind1=" " ind2="0" tag="830">
		<subfield code="6">880-07</subfield>
		<subfield code="a">Fuḥūl al-ʻArab fī ʻilm al-adab.</subfield>
	</datafield>
	<datafield ind1=" " ind2="0" tag="880">
		<subfield code="6">830-07/</subfield>
		<subfield code="a">فحول العرب في علم الأدب.</subfield>
	</datafield>
	<datafield ind1=" " ind2="0" tag="830">
		<subfield code="6">880-08</subfield>
		<subfield code="a">Khazānat al-Kutub al-ʻArabīyah.</subfield>
	</datafield>
	<datafield ind1=" " ind2="0" tag="880">
		<subfield code="6">830-08/</subfield>
		<subfield code="a">خزانة الكتب العربية.</subfield>
	</datafield>
	<datafield ind1=" " ind2=" " tag="959">
		<subfield code="a">NNU</subfield>
		<subfield code="b">WEB</subfield>
		<subfield code="c">GENI</subfield>
		<subfield code="t">0</subfield>
		<subfield code="m">Electronic access</subfield>
		<subfield code="s">01</subfield>
	</datafield>
	<datafield ind1=" " ind2=" " tag="999">
		<subfield code="i">NNU_001680281</subfield>
		<subfield code="s">nyu_aco000100:v.1</subfield>
		<subfield code="s">nyu_aco000101:v.2</subfield>
		<subfield code="e">(ERROR-880)</subfield>
	</datafield>
</record>
